@article{zhang2007iec,
  title={Iec 61850-communication networks and systems in substations: an overview of computer science},
  author={Zhang, Jianqing and Gunter, Carl A},
  journal={University of Illinois at Urbana-Champaign},
  year={2007},
  url={http://seclab.illinois.edu/wp-content/uploads/2011/03/iec61850-intro.pdf}
}

@article{baigent2004iec,
  title={IEC 61850 communication networks and systems in substations: An overview for users},
  author={Baigent, Drew and Adamiak, Mark and Mackiewicz, Ralph and Sisco, GMGM},
  journal={SISCO Systems},
  year={2004},
  publisher={Citeseer}
}

@article{aftab2019novel,
  title={A novel SCL configuration method for modeling microgrids with IEC 61850},
  author={Aftab, Mohd Asim and Hussain, SM Suhail and Ali, Ikbal and Ustun, Taha Selim},
  journal={IEEE Systems Journal},
  volume={14},
  number={2},
  pages={2676--2683},
  year={2019},
  publisher={IEEE}
}

@misc{typhoon:SV,
    author = {Typhoon HIL, Documentation},
    title = "IEC 61850 Sampled Values protocol",
    year = {2023},
    url = {https://www.typhoon-hil.com/documentation/typhoon-hil-software-manual/References/iec_61850_sampled_values_protocol.html}
}

@misc{typhoon:GOOSE,
    author = {Typhoon HIL, Documentation},
    title = "IEC 61850 GOOSE protocol",
    year = {2023},
    url = {https://www.typhoon-hil.com/documentation/typhoon-hil-software-manual/References/iec_61850_goose_protocol.html}
}

@misc{typhoon:MMS,
    author = {Typhoon HIL, Documentation},
    title = "IEC 61850 MMS Protocol",
    year = {2023},
    url = {https://www.typhoon-hil.com/documentation/typhoon-hil-software-manual/References/iec_61850_mms_protocol.html}
}

@misc{honeth:IEC,
    author = {Nicholas Honeth},
    title = {Interfacing with OPC, IEC61850 and IEC 60870-5-10x},
    organization={KTH - Royal Institute of Technology},
    url = {https://www.kth.se/social/upload/4ea723cbf276541672000001/Agent-OPC-RTU\%20interfacing.pdf}
}

@misc{beanit:data-sets,
    author = {beanit},
    title = "IEC 61850 Data Sets Tutorial",
    year = {2023},
    url = {https://www.beanit.com/iec-61850/tutorial/}
}

@misc{wiki:GSSE,
    author = "{GSSE protocol}",
    title = "Generic Substation Events --- {Wikipedia}{,} The Free Encyclopedia",
    year = "2023",
    url = "https://en.wikipedia.org/w/index.php?title=Generic_Substation_Events&oldid=1139948633"
}